@article{armstrong2022,
  title = {Exceeding 1.5\textdegree{{C}} Global Warming Could Trigger Multiple Climate Tipping Points},
  author = {Armstrong McKay, David I. and Staal, Arie and Abrams, Jesse F. and Winkelmann, Ricarda and Sakschewski, Boris and Loriani, Sina and Fetzer, Ingo and Cornell, Sarah E. and Rockstr{\"o}m, Johan and Lenton, Timothy M.},
  month = sep,
  journal = {Science},
  volume = {377},
  number = {6611},
  pages = {eabn7950},
  issn = {0036-8075, 1095-9203},
  doi = {10.1126/science.abn7950},
  langid = {english},
  year = {2022}
}

@article{carvalho2021,
    title={Spatio-temporal variation in dry season determines the Amazonian fire calendar},
    author={Carvalho, Nathalia S and Anderson, Liana O and Nunes, Cassio A and Pess{\^o}a, Ana CM and Junior, Celso HL Silva and Reis, Jo{\~a}o BC and Shimabukuro, Yosio E and Berenguer, Erika and Barlow, Jos and Aragao, Luiz EOC},
    journal={Environmental Research Letters},
    volume={16},
    number={12},
    pages={125009},
    publisher={IOP Publishing},
    year={2021}
}

@techreport{dealmeida2022,
  title = {{Metodologia Utilizada nos Sistemas PRODES e DETER - 2a Edi\c{c}\~ao (atualizada)}},
  author = {De Almeida, Claudio Aparecido and Maurano, Luis and Valeriano, Dalton M. and C{\^a}mara, Gilberto and L{\'u}bia Vinhas and Da Motta, Marisa and Gomes, Alessandra Rodrigues and Monteiro, Antonio Miguel Vieira and Arlesson Ant{\^o}nio De Almeida Souza and Messias, Cassiano Gustavo and Renn{\'o}, Camilo Daleles and Adami, Marcos and Escada, Maria Isabel Sobral and De Souza Soler, Luciana and Amaral, Silvana},
  year = {2022},
  publisher = {Instituto Nacional de Pesquisas Espaciais (INPE)},
  institution = {Instituto Nacional de Pesquisas Espaciais (INPE)},
  doi = {10.13140/RG.2.2.12545.74080},
  langid = {portuguese},
}

@article{diniz2015,
    title = {{DETER-B: The New Amazon Near Real-Time Deforestation Detection System}},
    author = {Diniz, Cesar Guerreiro and Souza, Arleson Antonio De Almeida and Santos, Diogo Correa and Dias, Mirian Correa and Luz, Nelton Cavalcante Da and Moraes, Douglas Rafael Vidal De and Maia, Janaina Sant Ana and Gomes, Alessandra Rodrigues and Narvaes, Igor Da Silva and Valeriano, Dalton M. and Maurano, Luis Eduardo Pinheiro and Adami, Marcos},
    doi = {10.1109/JSTARS.2015.2437075},
    isbn = {1939-1404 VO - 8},
    issn = {1939-1404},
    journal = {IEEE Journal of Selected Topics in Applied Earth Observations and Remote Sensing},
    month = {jul},
    number = {7},
    pages = {3619--3628},
    url = {http://ieeexplore.ieee.org/document/7128317/},
    volume = {8},
    year = {2015}
}


@article{f.g.assis2019,
  title = {{{TerraBrasilis}}: {{A Spatial Data Analytics Infrastructure}} for {{Large-Scale Thematic Mapping}}},
  author = {F. G. Assis, Luiz Fernando and Ferreira, Karine Reis and Vinhas, Lubia and Maurano, Luis and Almeida, Claudio and Carvalho, Andre and Rodrigues, Jether and Maciel, Adeline and Camargo, Claudinei},
  month = nov,
  journal = {ISPRS International Journal of Geo-Information},
  volume = {8},
  number = {11},
  pages = {513},
  issn = {2220-9964},
  doi = {10.3390/ijgi8110513},
  langid = {english},
  year = {2019}
}

@article{lambin1999,
    title = {{Monitoring forest degradation in tropical regions by remote sensing: some methodological issues}},
    author = {Lambin, Eric F},
    doi = {10.1046/j.1365-2699.1999.00123.x},
    issn = {1466-822X},
    journal = {Global Ecology and Biogeography},
    month = {may},
    number = {3-4},
    pages = {191--198},
    url = {http://doi.wiley.com/10.1046/j.1365-2699.1999.00123.x},
    volume = {8},
    year = {1999}
}


@article{mitchell2017,
    title = {{Current remote sensing approaches to monitoring forest degradation in support of countries measurement, reporting and verification (MRV) systems for REDD+}},
    author = {Mitchell, Anthea L. and Rosenqvist, Ake and Mora, Brice},
    doi = {10.1186/s13021-017-0078-9},
    issn = {1750-0680},
    journal = {Carbon Balance and Management},
    month = {dec},
    number = {1},
    pages = {9},
    publisher = {Springer International Publishing},
    url = {http://cbmjournal.springeropen.com/articles/10.1186/s13021-017-0078-9},
    volume = {12},
    year = {2017}
}

@manual{QGIS_software,
    title = {QGIS Geographic Information System},
    author = {{QGIS Development Team}},
    organization = {QGIS Association},
    url = {https://www.qgis.org},
    year = {%Y}
}

@manual{r_manual,
    title = {R: A Language and Environment for Statistical Computing},
    author = {{R Core Team}},
    organization = {R Foundation for Statistical Computing},
    address = {Vienna, Austria},
    url = {https://www.R-project.org/},
    year = {2022}
}

@article{rockstrom2009,
  title = {Planetary {{Boundaries}}: {{Exploring}} the {{Safe Operating Space}} for {{Humanity}}},
  shorttitle = {Planetary {{Boundaries}}},
  author = {Rockstr{\"o}m, Johan and Steffen, Will and Noone, Kevin and Persson, {\AA}sa and Chapin, F. Stuart III and Lambin, Eric and Lenton, Timothy M. and Scheffer, Marten and Folke, Carl and Schellnhuber, Hans Joachim and Nykvist, Bj{\"o}rn and {de Wit}, Cynthia A. and Hughes, Terry and {van der Leeuw}, Sander and Rodhe, Henning and S{\"o}rlin, Sverker and Snyder, Peter K. and Costanza, Robert and Svedin, Uno and Falkenmark, Malin and Karlberg, Louise and Corell, Robert W. and Fabry, Victoria J. and Hansen, James and Walker, Brian and Liverman, Diana and Richardson, Katherine and Crutzen, Paul and Foley, Jonathan},
  journal = {Ecology and Society},
  volume = {14},
  number = {2},
  pages = {art32},
  issn = {1708-3087},
  doi = {10.5751/ES-03180-140232},
  langid = {english},
  year = {2009}
}

@article{shimabukuro1991,
    title={The least-squares mixing models to generate fraction images derived from remote sensing multispectral data},
    author={Shimabukuro, Yosio Edemir and Smith, James A},
    journal={IEEE Transactions on Geoscience and Remote sensing},
    volume={29},
    number={1},
    pages={16--20},
    publisher={IEEE},
    year={1991}
}


@article{shimabukuro2006,
    title = {{Near real time detection of deforestation in the Brazilian Amazon using MODIS imagery}},
    author = {Shimabukuro, Yosio and Duarte, Valdete and Anderson, Liana and Valeriano, Dalton and Arai, Eg{\'{i}}dio and Freitas, Ramon and Rudorff, Bernardo and Moreira, Maur{\'{i}}cio},
    doi = {10.4136/ambi-agua.4},
    issn = {1980993X},
    journal = {Ambiente e Agua - An Interdisciplinary Journal of Applied Science},
    keywords = {Brazilian Amazon,Deforestation,MODIS,change detection,fraction images,spectral mixing model},
    month = {aug},
    number = {1},
    pages = {37--47},
    url = {http://www.ambi-agua.net/seer/index.php/ambi-agua/article/view/13/229},
    volume = {1},
    year = {2006}
}

